03300000        2012345678901234123456                                  EMPRESA TESTE                 BANCO SANTANDER                         123112024      000001040                                                                          
03300011101  030 2012345678901234                    123456              EMPRESA TESTE                                                                                                 0000000123112024                                         
0330001300001P 011234500001234560000000000  0000000000000111  0000000001234562811202400000000001000000000 02N23112024228112024000000000000000000000000000000000000000000000000000000000000000000000                         000100000           
0330001300001Q 011000012345678901FULANO DE TAL                           RUA TAL, 123                            BAIRRO TAL     12345678SAO PAULO      SP2012345678901234EMPRESA TESTE                                                          
03300015         000004                                                                                                                                                                                                                         
03399999         000001000006                                                                                                                                                                                                                   